@techreport{bibliografica6023,
  title={10520/2002, NBR 6023:2002: Informação e Documentação - Referências - Elaboração},
  author={{ABNT}},
  year={2002}
}

@book{sommerville2011software,
  title={Software engineering 9th Edition},
  author={Sommerville, Ian},
  publisher={Pearson},
  pages={768},
  year={2017},
  isbn={978-8543024974}
}

@article{clancy1995standish,
  title={The standish group report},
  author={Clancy, Tom},
  journal={Chaos report},
  year={1995}
}

@misc{saude2007prt719,
  title = {Portaria nº 719, de 28 de dezembro de 2007},
  url = {https://bvsms.saude.gov.br/bvs/saudelegis/sas/2007/prt0719_28_12_2007.html},
  author = {Ministério da Saúde},
  year = {2007},
  institution = {Ministério da Saúde}
}

@misc{anvisa2023consultaprocedimentos,
  title = {Consulta de Procedimentos SUS},
  url = {http://sigtap.datasus.gov.br/tabela-unificada/app/sec/procedimento/publicados/consultar},
  institution = {Agência Nacional de Vigilância Sanitária}
}

@misc{datasus2023sivep,
  title = {Boletim Informativo do SIVEP},
  url = {https://datasus.saude.gov.br/transferencia-de-arquivos/},
  institution = {Ministério da Saúde}
}

@misc{sbpe2023sabeis,
  title = {SAbeIS - Sistema de Apoio à Busca e Integração de Evidências Científicas em Saúde},
  url = {https://bookdown.org/labxss/sabeis_pcdt5/},
  author = {Sociedade Brasileira de Pesquisa em Epidemiologia},
  year = {2023},
  institution = {Sociedade Brasileira de Pesquisa em Epidemiologia}
}


